<?xml version="1.0" encoding="UTF-8"?><collection xmlns="http://www.loc.gov/MARC21/slim"><record><leader>00502nam--2200181-u-4500</leader><controlfield tag="001">000053291</controlfield><controlfield tag="002">20161230</controlfield><controlfield tag="005">20161230201051</controlfield><controlfield tag="008">110119s1000------------r-----000-0-fre-d</controlfield><datafield ind1=" " ind2=" " tag="040"><subfield code="a">IFIN-HH</subfield></datafield><datafield ind1=" " ind2=" " tag="041"><subfield code="a">fre</subfield></datafield><datafield ind1=" " ind2=" " tag="080"><subfield code="a">015:535</subfield></datafield><datafield ind1="1" ind2=" " tag="100"><subfield code="a">Arnaud, Jacques</subfield></datafield><datafield ind1="1" ind2="0" tag="245"><subfield code="a">Sur la propagation des faisceaux optiques dans l'approximation de gauss</subfield><subfield code="b">These</subfield><subfield code="c">Jacques arnaud</subfield></datafield><datafield ind1=" " ind2=" " tag="260"><subfield code="a">Orsay</subfield><subfield code="b">Faculte Des Sciences D'Orsay</subfield><subfield code="c">1972</subfield></datafield><datafield ind1=" " ind2=" " tag="300"><subfield code="a">8P</subfield></datafield><datafield ind1=" " ind2=" " tag="852"><subfield code="a">38196</subfield><subfield code="c">535</subfield></datafield><datafield ind1=" " ind2=" " tag="CAT"><subfield code="a">Sys</subfield><subfield code="c">20110119</subfield><subfield code="h">151100</subfield></datafield></record></collection>